<?xml version="1.0" encoding="UTF-8"?><collection xmlns="http://www.loc.gov/MARC21/slim"><record><leader>00381nam--2200145-i-4500</leader><controlfield tag="001">000020375</controlfield><controlfield tag="002">20161230</controlfield><controlfield tag="005">20161230201033</controlfield><controlfield tag="008">060222s1000------------r-----000-0-eng-d</controlfield><datafield ind1=" " ind2=" " tag="080"><subfield code="a">519.22</subfield></datafield><datafield ind1=" " ind2=" " tag="100"><subfield code="a">Eger, Karl-heinz</subfield></datafield><datafield ind1=" " ind2=" " tag="245"><subfield code="a">Sequential tests</subfield></datafield><datafield ind1=" " ind2=" " tag="260"><subfield code="a">Leipzig, Bsb B.G.Teubner Verlagsgesellschaft, 1984.   172 P</subfield></datafield><datafield ind1=" " ind2=" " tag="490"><subfield code="a">Teubner-texte Zur Mathematik</subfield></datafield><datafield ind1=" " ind2=" " tag="852"><subfield code="a">70329</subfield></datafield></record></collection>